[gd_scene load_steps=7 format=2]

[ext_resource path="res://Sprites/good_man.png" type="Texture" id=1]
[ext_resource path="res://Scenes/GoodMan.gd" type="Script" id=2]
[ext_resource path="res://Sprites/light_circle.png" type="Texture" id=3]

[sub_resource type="CircleShape2D" id=1]
radius = 6.0

[sub_resource type="CircleShape2D" id=2]
radius = 128.0

[sub_resource type="CircleShape2D" id=3]
radius = 6.0

[node name="GoodMan" type="KinematicBody2D"]
collision_layer = 10
collision_mask = 3
script = ExtResource( 2 )

[node name="Sprite" type="Sprite" parent="."]
texture = ExtResource( 1 )

[node name="CollisionShape2D" type="CollisionShape2D" parent="."]
shape = SubResource( 1 )

[node name="Light2D" type="Light2D" parent="."]
texture = ExtResource( 3 )
texture_scale = 2.0
shadow_enabled = true

[node name="PortalSeer" type="Area2D" parent="."]
collision_layer = 0
collision_mask = 4

[node name="CollisionShape2D" type="CollisionShape2D" parent="PortalSeer"]
shape = SubResource( 2 )

[node name="PortalCollider" type="Area2D" parent="."]
collision_layer = 0
collision_mask = 4

[node name="CollisionShape2D" type="CollisionShape2D" parent="PortalCollider"]
shape = SubResource( 3 )

[node name="RayCast2D" type="RayCast2D" parent="."]

[node name="PortalCheckTimer" type="Timer" parent="."]
wait_time = 0.25
autostart = true

[node name="InvincibilityTimer" type="Timer" parent="."]
one_shot = true
autostart = true

[connection signal="area_entered" from="PortalSeer" to="." method="_on_PortalSeer_area_entered"]
[connection signal="area_exited" from="PortalSeer" to="." method="_on_PortalSeer_area_exited"]
[connection signal="area_entered" from="PortalCollider" to="." method="_on_PortalCollider_area_entered"]
[connection signal="timeout" from="PortalCheckTimer" to="." method="_on_PortalCheckTimer_timeout"]
[connection signal="timeout" from="InvincibilityTimer" to="." method="_on_InvincibilityTimer_timeout"]
